%مراجع خود را در این قسمت وارد کنید.
% دستوری برای کوچک کردن اندازه فونت‌ها 
%یک مثال را در زیر می‌بینید.
@article{zhao2022review,
  title={A review of sustainable maintenance strategies for single component and multicomponent equipment},
  author={Zhao, Jingyi and Gao, Chunhai and Tang, Tao},
  journal={Sustainability},
  volume={14},
  number={5},
  pages={2992},
  year={2022},
  publisher={MDPI}
}

@book{hassan2018internet,
  title={Internet of things A to Z: technologies and applications},
  author={Hassan, Qusay F},
  year={2018},
  publisher={John Wiley \& Sons}
}
